@inproceedings{guedon2001ols,
  title={In Oldenburg's Long Shadow: Librarians, Research Scientists, Publishers, and the Control of Scientific Publishing},
  author={Gu{\'e}don, J.C.},
  booktitle={Creating the Digital Future: Association of Research Libraries 138th Annual Meeting, Toronto, Ontario (Canada), May},
  pages={23--25},
  year={2001},
  url={http://www.webcitation.org/query?url=http%3A%2F%2Fwww.arl.org%2Fresources%2Fpubs%2Fmmproceedings%2F138guedon.shtml&date=2011-06-05}
}
